@article
{lol,
author = "Anders Ekholm",
title = "Den ljusnande framtid är vård",
year = "2010" 
}